<?xml version="1.0" encoding="UTF-8"?><collection xmlns="http://www.loc.gov/MARC21/slim"><record><leader>00367nam--2200157-i-4500</leader><controlfield tag="001">000003768</controlfield><controlfield tag="002">20161230</controlfield><controlfield tag="005">20170225103956</controlfield><controlfield tag="008">060222s1000------------r-----000-0-eng-d</controlfield><datafield ind1=" " ind2=" " tag="100"><subfield code="a">Brand, V. Ju</subfield></datafield><datafield ind1=" " ind2=" " tag="245"><subfield code="a">Macinarea minereurilor</subfield></datafield><datafield ind1=" " ind2=" " tag="260"><subfield code="a">Bucuresti</subfield><subfield code="b">I.D.T</subfield><subfield code="c">1950</subfield></datafield><datafield ind1=" " ind2=" " tag="300"><subfield code="a">208 p</subfield></datafield><datafield ind1=" " ind2=" " tag="700"><subfield code="a">Perov, V. A</subfield></datafield><datafield ind1=" " ind2=" " tag="852"><subfield code="a">622.73</subfield></datafield><datafield ind1=" " ind2=" " tag="CAT"><subfield code="a">SYS</subfield><subfield code="c">20170225</subfield><subfield code="h">103956</subfield></datafield></record></collection>